<?xml version="1.0" encoding="UTF-8"?><record xmlns="http://www.loc.gov/MARC21/slim" xmlns:cinclude="http://apache.org/cocoon/include/1.0" xmlns:zs="http://www.loc.gov/zing/srw/">
  <leader>00443cz  a2200121n  4500</leader>
  <controlfield tag="001">n  92800311 </controlfield>
  <controlfield tag="003">DLC</controlfield>
  <controlfield tag="005">19930522144003.3</controlfield>
  <controlfield tag="008">920124n| acannaab|          |n aaa ||| b</controlfield>
  <datafield tag="010" ind1=" " ind2=" ">
    <subfield code="a">n  92800311 </subfield>
  </datafield>
  <datafield tag="040" ind1=" " ind2=" ">
    <subfield code="a">DNLM</subfield>
    <subfield code="c">DLC</subfield>
    <subfield code="d">DLC</subfield>
    <subfield code="d">OCoLC</subfield>
  </datafield>
  <datafield tag="100" ind1="1" ind2="0">
    <subfield code="a">Lamparczyk, Henryk</subfield>
  </datafield>
  <datafield tag="670" ind1=" " ind2=" ">
    <subfield code="a">His Analysis and characterization of steroids, c1992:</subfield>
    <subfield code="b">CIP t.p. (Henry K. Lamparczyk, Medical Academy, Faculty of Pharmacy, Gdansk, Poland) bk. t.p. (Henryk Lamparczyk, Ph.D.)</subfield>
  </datafield>
</record>